------------ peer reviewed ------------

@article{heagy2017electromagnetics,
title = "A framework for simulation and inversion in electromagnetics",
journal = "Computers \& Geosciences",
volume = "107",
number = "Supplement C",
pages = "1 - 19",
year = "2017",
issn = "0098-3004",
doi = "https://doi.org/10.1016/j.cageo.2017.06.018",
url = "http://www.sciencedirect.com/science/article/pii/S0098300416303946",
author = "\textbf{Heagy, L. J.} and Rowan Cockett and Seogi Kang and Gudni K. Rosenkjaer and Douglas W. Oldenburg",
keywords = "Geophysics",
keywords = "Numerical modelling",
keywords = "Finite volume",
keywords = "Sensitivities",
keywords = "Object oriented"
}

@article{cockett2015simpeg,
  keywords = {peerreviewed},
  title={SimPEG: An open source framework for simulation and gradient based parameter estimation in geophysical applications},
  author={Cockett, R. and Kang, S. and \textbf{L. J. Heagy} and Pidlisecky, A. and Oldenburg, D. W.},
  journal={Computers \& Geosciences},
  volume={85},
  pages={142--154},
  year={2015},
  publisher={Elsevier}
}

@article{CaudilloMata2016,
  title = "A framework for the upscaling of the electrical conductivity in the quasi-static Maxwell’s equations ",
  journal = "Journal of Computational and Applied Mathematics ",
  volume = "317",
  number = "",
  pages = "388 - 402",
  year = "2017",
  note = "",
  issn = "0377-0427",
  doi = "http://dx.doi.org/10.1016/j.cam.2016.11.051",
  url = "http://www.sciencedirect.com/science/article/pii/S0377042716305933",
  author = "Caudillo-Mata, L. A. and Haber, E. and \textbf{L. J. Heagy} and Schwarzbach, C.",
  keywords = "Numerical homogenization",
  keywords = "Maxwell’s equations",
  keywords = "Simulation",
  keywords = "Electrical conductivity",
  keywords = "Finite volume",
  keywords = "Geophysical electromagnetic methods ",
  abstract = "Abstract Electromagnetic simulations of complex geologic settings are computationally expensive. One reason for this is the fact that a fine mesh is required to accurately discretize the electrical conductivity model of a given setting. This conductivity model may vary over several orders of magnitude and these variations can occur over a large range of length scales. Using a very fine mesh for the discretization of this setting leads to the necessity to solve a large system of equations that is often difficult to deal with. To keep the simulations computationally tractable, coarse meshes are often employed for the discretization of the model. Such coarse meshes typically fail to capture the fine-scale variations in the conductivity model resulting in inaccuracies in the predicted data. In this work, we introduce a framework for constructing a coarse-mesh or upscaled conductivity model based on a prescribed fine-mesh model. Rather than using analytical expressions, we opt to pose upscaling as a parameter estimation problem. By solving an optimization problem, we obtain a coarse-mesh conductivity model. The optimization criterion can be tailored to the survey setting in order to produce coarse models that accurately reproduce the predicted data generated on the fine mesh. This allows us to upscale arbitrary conductivity structures, as well as to better understand the meaning of the upscaled quantity. We use 1D and 3D examples to demonstrate that the proposed framework is able to emulate the behavior of the heterogeneity in the fine-mesh conductivity model, and to produce an accurate description of the desired predicted data obtained by using a coarse mesh in the simulation process. "
}


------------ submitted or in review ------------


------------ non peer reviewed ------------

@article{kang2017,
author = { Seogi Kang  and  \textbf{L. J. Heagy}  and  Rowan Cockett  and  Douglas W. Oldenburg },
title = {Exploring nonlinear inversions: A 1D magnetotelluric example},
journal = {The Leading Edge},
volume = {36},
number = {8},
pages = {696-699},
year = {2017},
doi = {10.1190/tle36080696.1},

URL = {
        https://doi.org/10.1190/tle36080696.1

},
eprint = {
        https://doi.org/10.1190/tle36080696.1

}

}



@article{Cockett2016,
  author = {R. Cockett and \textbf{L. J. Heagy} and D. W. Oldenburg},
  title = {Pixels and their neighbors: Finite volume},
  journal = {The Leading Edge},
  volume = {35},
  number = {8},
  pages = {703-706},
  year = {2016},
  doi = {10.1190/tle35080703.1},
  URL = {http://dx.doi.org/10.1190/tle35080703.1},
  eprint = {http://dx.doi.org/10.1190/tle35080703.1}
}


------------ Conferences ------------

2017
@incollection{heagy2017,
  title={Modular electromagnetic simulations with applications to steel cased wells},
  author={\textbf{Heagy, L. J.} and Cockett, R. and Oldenburg, D. W.},
  booktitle={Proceedings of the 6th International Symposium on Three-Dimensional Electromagnetics},
  year={2017},
  chapter = {},
  pages = {125-129},
  URL = {http://nebula.wsimg.com/d08e4f75db1a3988252f35a74b79db9d?AccessKeyId=C1B15BD8D0A222F3993D&disposition=0&alloworigin=1},
}

2016
@inproceedings{kang2016,
  title={Practices to enable the geophysical research spectrum: from fundamentals to applications},
  author={Kang, S. and Cockett, R. and \textbf{L. J. Heagy} and Oldenburg, D. W.},
  booktitle={2016 AGU Fall Meeting},
  year={2016}
}

@inproceedings{heagy2016a,
  title={Examining the impact of steel cased wells on electromagnetic signals},
  author={\textbf{Heagy, L. J.} and Oldenburg, D. W.},
  booktitle={2016 AGU Fall Meeting},
  year={2016b}
}

@inproceedings{heagy2016b,
  title={GeoSci: Practices to Collaboratively Build Online Resources for Geophysics Education},
  author={\textbf{Heagy, L. J.} and R. Cockett and D. W. Oldenburg},
  booktitle={2016 AGU Fall Meeting},
  year={2016c}
}


@incollection{yang20163d,
  title={3D DC resistivity modeling of steel casing for reservoir monitoring using equivalent resistor network},
  author={Yang, D. and Oldenburg, D. W. and \textbf{L. J. Heagy}},
  booktitle={SEG Technical Program Expanded Abstracts 2016},
  pages={932--936},
  year={2016},
  publisher={Society of Exploration Geophysicists}
}

2015

@inproceedings{heagy2015simpegem,
  title={simpegEM: An open-source resource for simulation and parameter estimation problems in electromagnetic geophysics},
  author={\textbf{Heagy, L. J.} and Cockett, R. and Kang, S. and Rosenkjaer, G. K. and Oldenburg, D. W.},
  booktitle={2015 AGU Fall Meeting},
  year={2015}
}

@inproceedings{heagy2015real,
  title={Real simulation tools in introductory courses: packaging and repurposing our research code.},
  author={\textbf{Heagy, L. J.} and Cockett, R. and Kang, S. and Oldenburg, D. W.},
  booktitle={2015 AGU Fall Meeting},
  year={2015}
}

@inproceedings{cockett2015development,
  title={Development practices and lessons learned in developing SimPEG},
  author={Cockett, R. and \textbf{L. J. Heagy} and Kang, S. and Rosenkjaer, G. K. },
  booktitle={2015 AGU Fall Meeting},
  year={2015}
}

@incollection{heagy2015modelling,
  author = {\textbf{Heagy, L. J.} and Cockett, R. and Oldenburg, D. W. and Wilt, M.},
  title = {Modelling electromagnetic problems in the presence of cased wells},
  booktitle = {SEG Technical Program Expanded Abstracts 2015},
  chapter = {},
  pages = {699-703},
  year = {2015},
  doi = {10.1190/segam2015-5931035.1},
  URL = {http://library.seg.org/doi/abs/10.1190/segam2015-5931035.1},
  eprint = {http://library.seg.org/doi/pdf/10.1190/segam2015-5931035.1}
}

@incollection{kang2015moving,
  author = {Kang, S. and Cockett, R. and \textbf{L. J. Heagy} and Oldenburg, D. W.},
  title = {Moving between dimensions in electromagnetic inversions},
  booktitle = {SEG Technical Program Expanded Abstracts 2015},
  chapter = {},
  pages = {5000-5004},
  year = {2015},
  doi = {10.1190/segam2015-5930379.1},
  URL = {http://library.seg.org/doi/abs/10.1190/segam2015-5930379.1},
  eprint = {http://library.seg.org/doi/pdf/10.1190/segam2015-5930379.1}
}

2014

@incollection{heagy2014parametrized,
  author = {\textbf{Heagy, L. J.} and Cockett, A. R. and Oldenburg, D. W.},
  title = {Parametrized inversion framework for proppant volume in a hydraulically fractured reservoir},
  booktitle = {SEG Technical Program Expanded Abstracts 2014},
  chapter = {},
  pages = {865-869},
  year = {2014},
  doi = {10.1190/segam2014-1639.1},
  URL = {http://library.seg.org/doi/abs/10.1190/segam2014-1639.1},
  eprint = {http://library.seg.org/doi/pdf/10.1190/segam2014-1639.1}
}


@inproceedings{cockett2014simpeg,
  title={SimPEG: An open-source framework for geophysical simulations and inverse problems},
  author={Cockett, R. and Kang, S and \textbf{L. J. Heagy}},
  booktitle={AGU Fall Meeting Abstracts},
  volume={1},
  pages={07},
  year={2014}
}

@incollection{caudillo2014numerical,
  author = {L.A. Caudillo-Mata and Haber, E. and \textbf{L. J. Heagy} and Oldenburg, D. W.},
  title = {Numerical upscaling of electrical conductivity: A problem specific approach to generate coarse-scale models},
  booktitle = {SEG Technical Program Expanded Abstracts 2014},
  chapter = {},
  pages = {680-684},
  year = {2014},
  doi = {10.1190/segam2014-1488.1},
  URL = {http://library.seg.org/doi/abs/10.1190/segam2014-1488.1},
  eprint = {http://library.seg.org/doi/pdf/10.1190/segam2014-1488.1}
}

@incollection{fournier2014multi,
  author = {Fournier, D. and \textbf{L. J. Heagy} and Corcoran, N. and Cowan, D. and Devriese, S. G. R. and Bild-Enkin, D. and Davis, K. and Kang, S. and Marchant, D. and McMillan, M. S. and Mitchell, M. and Rosenkjar, G. K. and Yang, D. and Oldenburg, D. W.},
  title = {Multi-EM systems inversion - Towards a common conductivity model for the Tli Kwi Cho complex},
  booktitle = {SEG Technical Program Expanded Abstracts 2014},
  chapter = {},
  pages = {1795-1799},
  year = {2014},
  doi = {10.1190/segam2014-1110.1},
  URL = {http://library.seg.org/doi/abs/10.1190/segam2014-1110.1},
  eprint = {http://library.seg.org/doi/pdf/10.1190/segam2014-1110.1}
}


@incollection{devriese2014magnetic,
  author = {Devriese, S. G. R. and Corcoran, N. and Cowan, D. and Davis, K. and Bild-Enkin, D. and Fournier, D. and \textbf{L. J. Heagy} and Kang, S. and Marchant, D. and McMillan, M. S. and Mitchell, M. and Rosenkjar, G. K. and Yang, D. and Oldenburg, D. W.},
  title = {Magnetic inversion of three airborne data sets over the Tli Kwi Cho kimberlite complex},
  booktitle = {SEG Technical Program Expanded Abstracts 2014},
  chapter = {},
  pages = {1790-1794},
  year = {2014},
  doi = {10.1190/segam2014-1205.1},
  URL = {http://library.seg.org/doi/abs/10.1190/segam2014-1205.1},
  eprint = {http://library.seg.org/doi/pdf/10.1190/segam2014-1205.1}
}


@inproceedings{wilt2014hydrofracture,
  title={Hydrofracture Mapping and Monitoring with Borehole Electromagnetic (EM) Methods},
  author={Wilt, M and \textbf{L. J. Heagy} and Chen, J},
  booktitle={76th EAGE Conference and Exhibition 2014},
  year={2014}
}

@inproceedings{heagy2014does,
  title={Where does the proppant go? Examining the application of electromagnetic methods for hydraulic fracture characterization},
  author={\textbf{Heagy, L. J.} and Oldenburg, D. W. and Chen, Jiuping},
  booktitle={GeoConvention 2014, CSEG},
  year={2014}
}

2013

@incollection{heagy2013investigating,
  author = {\textbf{Heagy, L. J.} and Oldenburg, D. W.},
  title = {Investigating the potential of using conductive or permeable proppant particles for hydraulic fracture characterization},
  booktitle = {SEG Technical Program Expanded Abstracts 2013},
  chapter = {},
  pages = {576-580},
  year = {2013},
  doi = {10.1190/segam2013-1372.1},
  URL = {http://library.seg.org/doi/abs/10.1190/segam2013-1372.1},
  eprint = {http://library.seg.org/doi/pdf/10.1190/segam2013-1372.1}
}


other conference presentations

@inproceedings{heagy2017jupytercon,
    title={Deploying a reproducible course},
    author={\textbf{Heagy, L. J.} and Cockett, R.},
    booktitle={JupyterCon},
    year={2017},
    organization={\href{https://youtu.be/XY3Tq9Wd1\_A}{https://youtu.be/XY3Tq9Wd1\_A}}
}

@inproceedings{heagy2017bcgs,
    title={Simulation and parameter estimation in geophysics},
    author={\textbf{Heagy, L. J.} and Fournier, D. and Kang, S. and Miller, C. },
    booktitle={British Columbia Geophysical Society Meeting},
    year={2017}
}

@inproceedings{heagy2016scipy,
    title={Using open source tools to refactor geoscience education},
    author={\textbf{Heagy, L. J.}},
    booktitle={SciPy 2016, Austin, TX},
    year={2016},
    organization={\href{https://youtu.be/IW2LDsevvDk}{https://youtu.be/IW2LDsevvDk}}
}

@inproceedings{heagy2015scipy,
    title={Using Python to Span the Gap between Education, Research, and Industry Applications in Geophysics},
    author={\textbf{Heagy, L. J.}},
    booktitle={SciPy 2015 Conference in Austin, TX},
    year={2015},
    organization={\href{https://youtu.be/4msHJMBvzaI}{https://youtu.be/4msHJMBvzaI}}
}

@inproceedings{cockett2015scipy,
    title={SimPEG: Simulation and Parameter Estimation in Geophysics},
    author={Cockett, R., \textbf{L. J. Heagy}, Kang, S., Oldenburg, D. W., Pidlisecky, A., Rosenkjaer, G. K., Smithyman, B.},
    year={2015},
    booktitle={SciPy 2015 Conference in Austin, TX}

}

@inproceedings{rosenkjaer2015scipy,
    title={Practical Integration of Processing, Inversion and Visualization of Magnetotelluric Geophysical Data},
    author={Rosenkjaer, G. K. and \textbf{L. J. Heagy} and Cockett, R. and Kang, S. and Oldenburg, D. W.},
    year={2015},
    booktitle={SciPy 2015 Conference in Austin, TX}
}


@inproceedings{heagy2014dnp,
  title={Using  electromagnetics to delineate proppant distribution in a hydraulically fractured reservoir},
  author={\textbf{Heagy, L. J.} and Oldenburg, D. W. and Wilt, M. and Chen, J.},
  booktitle={SEG Development and Production Forum, Santa Rosa CA},
  year={2014}
}

other contributions
@misc{simpegsoftware,
    title={SimPEG software: Simulation and Parameter Estimation in Geophysics \href{http://github.com/simpeg/simpeg}{http://github.com/simpeg/simpeg}},
    author={Cockett, R. and \textbf{L. J. Heagy} and Kang, S. and Rosenkjaer, G. K. and Fournier, D. and others},
    year={2013--},
}

@misc{gpg,
    title={Geophysics for Practicing Geoscientists \href{http://gpg.geosci.xyz}{http://gpg.geosci.xyz}},
    author={Oldenburg, D. W. and Jones, F. and \textbf{L. J. Heagy} and others},
    year={2014--},
}

@misc{emgeosci,
    title={Electromagnetic Geophysics \href{http://em.geosci.xyz}{http://em.geosci.xyz}},
    author={Oldenburg, D. W. and \textbf{L. J. Heagy} and others},
    year={2015--},
}

patents
@misc{wilt2014determining,
  title={Determining proppant and fluid distribution},
  keywords = {patents},
  author={Wilt, M. and Cuevas, N. and \textbf{L. J. Heagy}},
  year={2014},
  month=sep # "~23",
  publisher={Google Patents},
  note={US Patent App. 14/494,313}
}
